<?xml version="1.0" encoding="UTF-8"?><collection xmlns="http://www.loc.gov/MARC21/slim"><record><leader>00394nam--2200145-i-4500</leader><controlfield tag="001">000046544</controlfield><controlfield tag="002">20161230</controlfield><controlfield tag="005">20161230201046</controlfield><controlfield tag="008">060222s1000------------r-----000-0-eng-d</controlfield><datafield ind1=" " ind2=" " tag="080"><subfield code="a">621.375.826</subfield></datafield><datafield ind1=" " ind2=" " tag="100"><subfield code="a">Verdeyen, Joseph T</subfield></datafield><datafield ind1=" " ind2=" " tag="245"><subfield code="a">Laser electronics</subfield></datafield><datafield ind1=" " ind2=" " tag="260"><subfield code="a">Englewood Cliffs, Prentice-hall, Inc., 1981, Xvi+444p</subfield></datafield><datafield ind1=" " ind2=" " tag="490"><subfield code="a">Solid State Physical Electronics Series</subfield></datafield><datafield ind1=" " ind2=" " tag="852"><subfield code="a">49257</subfield></datafield></record></collection>